@InProceedings{ali_et_al_2009,
  author = "Ali, Mohamed H. and Gerea, Ciprian and Raman, Balan and Sezgin, Beysim and Tarnavski, Tiho and Verona, Tomer and Wang, Ping and Zabback, Peter and Kirilov, Anton and Ananthanarayan, Asvin and Lu, Ming and Raizman, Alex and Krishnan, Ramkumar and Schindlauer, Roman and Grabs, Torsten and Bjeletich, Sharon and Chandramouli, Badrish and Goldstein, Jonathan and Bhat, Sudin and Li, Ying and {Di Nicola}, Vincenzo and Wang, Xianfang and Maier, David and Santos, Ivo and Nano, Olivier and Grell, Stephan",
  title = "Microsoft {CEP} Server and Online Behavioral Targeting",
  year = 2009,
  booktitle = "Demo at Very Large Data Bases (VLDB-Demo)",
  pages = "1558--1561"}

@Article{arasu_babu_widom_2006,
  author = "Arasu, Arvind and Babu, Shivnath and Widom, Jennifer",
  title = "The {CQL} continuous query language: semantic foundations and query execution",
  year = 2006,
  journal = "Journal on Very Large Data Bases (VLDB J.)",
  volume = 15,
  number = 2,
  pages = "121--142" }

@InProceedings{arasu_et_al_2004,
  author = "Arasu, Arvind and Cherniack, Mitch and Galvez, Eduardo and Maier, David and Maskey, Anurag S. and Ryvkina, Esther and Stonebraker, Michael and Tibbetts, Richard",
  title = "Linear Road: A Stream Data Management Benchmark",
  year = 2004,
  pages = "480--491",
  booktitle = "Conference on Very Large Data Bases (VLDB)" }

@Article{arasu_widom_2004,
  author = "Arasu, Arvind and Widom, Jennifer",
  title = "A Denotational Semantics for Continuous Queries over Streams and Relations",
  journal = "SIGMOD Record",
  year = 2004,
  volume = 33,
  number = 3,
  month = sep }

@Article{arnold_et_al_2016,
  author = "Arnold, Matthew and Grove, David and Herta, Benjamin and Hind, Michael and Hirzel, Martin and Iyengar, Arun and Mandel, Louis and Saraswat, V.A. and Shinnar, Avraham and Sim\'{e}on, J\'{e}r\^{o}me and Takeuchi, Mikio and Tardieu, Olivier and Zhang, Wei",
  journal = "IBM Journal of Research and Development",
  title = "{META}: Middleware for Events, Transactions, and Analytics",
  year = 2016,
  volume = 60,
  number = "2--3",
  pages = "15:1--15:10" }

@InProceedings{chandrasekaran_et_al_2003,
  author = "Chandrasekaran, Sirish and Cooper, Owen and Deshpande, Amol and Franklin, Michael J. and Hellerstein, Joseph M. and Hong, Wei and Krishnamurthy, Sailesh and Madden, Samuel and Raman, Vijayshankar and Reiss, Frederick and Shah, Mehul A.",
  title = "{TelegraphCQ}: continuous dataflow processing for an uncertain world",
  year = 2003,
  booktitle = "Conference on Innovative Data Systems Research (CIDR)" }

@InProceedings{hirzel_2012,
  author = "Hirzel, Martin",
  booktitle = "Conference on Distributed Event-Based Systems (DEBS)",
  year = 2012,
  title = "Partition and compose: Parallel complex event processing",
  pages = "191--200" }

@Article{hirzel_et_al_2013,
  title = "{IBM} {S}treams {P}rocessing {L}anguage: Analyzing Big Data in Motion",
  author = "Hirzel, Martin and Andrade, Henrique and Gedik, Bu\u{g}ra and Jacques-Silva, Gabriela and Khandekar, Rohit and Kumar, Vibhore and Mendell, Mark and Nasgaard, Howard and Schneider, Scott and Soul\'{e}, Robert and Wu, Kun-Lung",
  journal = "IBM Journal of Research and Development",
  volume = 57,
  number = "3/4",
  pages = "7:1--7:11",
  year = 2013 }

@Article{hirzel_schneider_gedik_2017,
  title = "{SPL}: An Extensible Language for Distributed Stream Processing",
  author = "Hirzel, Martin and Schneider, Scott and Gedik, Bu\u{g}ra",
  journal = "Transactions on Programming Languages and Systems (TOPLAS)",
  volume = 39,
  number = 1,
  pages = "5:1--5:39",
  month = "March",
  year = 2017 }

@InProceedings{hudak_1998,
  author = "Hudak, Paul",
  title = "Modular domain specific languages and tools",
  year = 1998,
  booktitle = "International Conference on Software Reuse (ICSR)",
  pages = "134--142" }

@InProceedings{soule_et_al_2010,
  title = "A Universal Calculus for Stream Processing Languages",
  author = "Soul\'{e}, Robert and Hirzel, Martin and Grimm, Robert and Gedik, Bu\u{g}ra and Andrade, Henrique and Kumar, Vibhore and Wu, Kun-Lung",
  year = 2010,
  pages = "507--528",
  booktitle = "European Symposium on Programming (ESOP)" }

@Article{soule_et_al_2016,
  title = "River: An Intermediate Language for Stream Processing",
  author = "Soul\'{e}, Robert and Hirzel, Martin and Gedik, Bu\u{g}ra and Grimm, Robert",
  journal = "Software -- Practice and Experience (SP\&E)",
  volume = 46,
  number = 7,
  pages = "891--929",
  month = jul,
  year = 2016 }

@TechReport{thies_et_al_2002,
  author = "Thies, William and Karczmarek, Michal and Gordon, Michael and Maze, David and Wong, Jeremy and Hoffmann, Henry and Brown, Matthew and Amarasinghe, Saman",
  title = "{StreamIt}: A Compiler for Streaming Applications",
  institution = "MIT",
  number = "LCS-TM-622",
  year = 2002 }

@InProceedings{vaziri_et_al_2014,
  title = "Stream Processing with a Spreadsheet",
  author = "Vaziri, Mandana and Tardieu, Olivier and Rabbah, Rodric and Suter, Philippe and Hirzel, Martin",
  booktitle = "European Conference on Object-Oriented Programming (ECOOP)",
  pages = "360--384",
  year = 2014 }

@TechReport{zemke_et_al_2007,
  author = "Zemke, Fred and Witkowski, Andrew and Cherniak, Mitch and Colby, Latha",
  title = "Pattern matching in sequences of rows",
  annote = "MATCH-RECOGNIZE proposal, http://www.cs.ucla.edu/classes/spring08/cs240B/notes/row-pattern-recogniton-11.pdf",
  institution = "ANSI Standard Proposal",
  year = 2007 }
